<?xml version="1.0" encoding="UTF-8"?><collection xmlns="http://www.loc.gov/MARC21/slim"><record><leader>00384nam--2200133-i-4500</leader><controlfield tag="001">000028669</controlfield><controlfield tag="002">20161230</controlfield><controlfield tag="005">20161230201037</controlfield><controlfield tag="008">060222s1000------------r-----000-0-eng-d</controlfield><datafield ind1=" " ind2=" " tag="080"><subfield code="a">621.384.665</subfield></datafield><datafield ind1=" " ind2=" " tag="100"><subfield code="a">Leroux, J</subfield></datafield><datafield ind1=" " ind2=" " tag="245"><subfield code="a">Considerations generales et suggestions pour l`amelioration de l`alignement de l`anneau de stockage (cesar)</subfield></datafield><datafield ind1=" " ind2=" " tag="260"><subfield code="a">(F.Loc.), 1964, 8p</subfield></datafield><datafield ind1=" " ind2=" " tag="852"><subfield code="a">24516</subfield></datafield></record></collection>